@article{almodovarteixeira2008,
  title={The Ascent and Decline of Catholic Economic Thought, 1830--1950s},
  author={Almodovar, Ant{\'o}nio and Teixeira, Pedro},
  journal={History of Political Economy},
  volume={40},
  number={5},
  pages={62--87},
  year={2008},
  publisher={Duke University Press}
}

@incollection{dahrendorf2004,
  title={Wie Sozial Kann die Soziale Marktwirtschaft Noch Sein?},
  author={Dahrendorf, Ralf},
  volume={3},
  series={Ludwig Erhard Lecture},
  publisher={Berlin: Initiative Neue Soziale Marktwirtschaft},
  year={2004}
}

@article{ederer1991,
  title={Heinrich Pesch, Solidarity, and Social Encyclicals},
  author={Ederer, Rupert J},
  journal={Review of Social Economy},
  volume={49},
  number={4},
  pages={596--610},
  year={1991},
  publisher={Taylor \& Francis}
}

@inbook{emmett2014,
  title={Economics and Theology After the Separation},
  author={Emmett, Ross B},
  booktitle={The Oxford Handbook of Christianity and Economics},
  editor={Oslington, Paul},
  chapter={8},
  year={2014},
  pages={135--150},
  publisher={Oxford: Oxford University Press}
}

@inbook{ertman2009western,
  title={Western European Party Systems and the Religious Cleavage},
  author={Ertman, Thomas},
  booktitle={Religion, Class coalitions, and Welfare States},
  editor={van Kersbergen, Kees and Manow, Phillip},
  chapter={2},
  pages={39--55},
  year={2009},
  publisher={Cambridge: Cambridge University Press}
}

@book{friedman1953,
  title={Essays in Positive Economics},
  author={Friedman, Milton},
  year={1953},
  publisher={Chicago: University of Chicago press}
}

@inbook{graham1999,
  title={On the Role of Values in the Work of Economists},
  author={Graham, Frank D},
  booktitle={What do Economists Contribute?},
  editor={Klein, Daniel B.},
  pages={27--32},
  chapter={2},
  year={1999},
  origdate={1942},
  publisher={London: Palgrave Macmillan}
}

@article{harris1946,
  title={The Scholastic Revival: the Economics of Heinrich Pesch},
  author={Harris, Abram L},
  journal={Journal of Political Economy},
  volume={54},
  number={1},
  pages={38--59},
  year={1946},
  publisher={The University of Chicago Press}
}

@inbook{hawtrey2014,
  title={Anglicanism},
  author={Hawtrey, Kim},
  booktitle={The Oxford Handbook of Christianity and Economics},
  editor={Oslington, Paul},
  pages={177--196},
  chapter={10},
  pages={177--196},
  year={2014},
  publisher={Oxford: Oxford University Press}
}

@article{hien2013,
  title={The Ordoliberalism That Never Was},
  author={Hien, Josef},
  journal={Contemporary Political Theory},
  volume={12},
  number={4},
  pages={349--358},
  year={2013}
}

@book{keynes1904,
  title={The Scope and Method of Political Economy},
  author={Keynes, John Neville},
  year={1904},
  publisher={London: Macmillan}
}

@inbook{koslowski2000,
  title={Solidarism, Capitalism, and Economic Ethics in Heinrich Pesch},
  author={Koslowski, Peter},
  booktitle={The Theory of Capitalism in the German Economic Tradition},
  editor={Koslowski, Peter},
  pages={371--396},
  year={2000},
  chapter={10},
  publisher={Berlin: Springer}
}

@article{krason2009,
  title={Principles of Heinrich Peschâ€™s Solidarism},
  author={Krason, Stephen M},
  journal={Catholic Social Science Review},
  volume={14},
  pages={477--484},
  year={2009}
}

@inbook{kuppers2015,
  title={Christian Humanism: The Ethical Basis of the German Model of Social Market Economy},
  author={K\"{u}ppers, Arnd},
  booktitle={Humanism in Economics and Business},
  editor={Mel{\'e}, Dom{\`e}nec and Schlag, Martin},
  year={2015},
  chapter={8},
  pages={137--146},
  publisher={Berlin: Springer}
}

@inbook{langholm2014,
  title={Voluntary Exchange and Coercion in Scholastic Economics},
  author={Langholm, Odd},
  booktitle={The Oxford Handbook of Christianity and Economics},
  editor={Oslington, Paul},
  year={2014},
  publisher={Oxford: Oxford University Press},
  chapter={3},
  pages={44-56}
}

@article{leoxii1891,
  title={Rerum Novarum},
  author={Leo XIII, Pope},
  year={1891},
  url={https://w2.vatican.va/content/leo-xiii/en/encyclicals/documents/hf_l-xiii_enc_15051891_rerum-novarum.html}
}

@article{mulcahy1951,
  title={Economic Freedom in Pesch},
  author={Mulcahy, Richard E},
  journal={Social Order},
  issue={April, 1951},
  year={1951},
  pages={161--168}
}

@book{mulcahy1952,
  title={The Economics of Heinrich Pesch},
  author={Mulcahy, Richard E},
  year={1952},
  publisher={New York: Henry Holt \& Company}
}

@article{mulcahy1949,
  title={The Welfare Economics of Heinrich Pesch},
  author={Mulcahy, Richard E},
  journal={Quarterly Journal of Economics},
  year={1949},
  volume={63},
  number={3},
  pages={342--360}
}

@book{pesch2004,
  title={Ethics and the National Economy},
  author={Pesch, Heinrich},
  year={2004},
  origdate={1918},
  origtitle={Ethik und Volkswirtschaft},
  translator={Ederer, Rupert J},
  publisher={Norfolk, VA: IHS Press}
}

@book{pesch1998,
  title={Heinrich Pesch on Solidarist Economics: Excerpts from the Lehrbuch der National\"{o}konome},
  author={Pesch, Heinrich},
  year={1998},
  translator={Ederer, Rupert J},
  publisher={Lanham, MD: University Press of America}
}

@article{piusxi1931,
  title={Quadragesimo Anno},
  author={Pius XI, Pope},
  year={1931},
  url={http://www.vatican.va/content/pius-xi/en/encyclicals/documents/hf_p-xi_enc_19310515_quadragesimo-anno.html}
}

@book{pcjp2004,
  title={Compendium of the Social Doctrine of the Church},
  author={{Pontifical Council of Justice and Peace}},
  year={2004},
  publisher={Washington: United States Conference of Catholic Bishops}
}

@book{robbins1932,
  title={An Essay on the Nature and Significance of Economic Science},
  author={Robbins, Lionel},
  year={1932},
  publisher={London: Macmillan}
}

@inbook{schuyler1953,
  title={Heinrich Pesch},
  author={Schuyler, Joseph B},
  booktitle={Social Theorists},
  editor={Mihanovich, Clement S},
  chapter={11},
  pages={216--243},
  year={1953},
  publisher={Milwaukee: The Bruce Publishing Company}
}

@article{yenni1951,
  title={Pesch's Goal of the Economy},
  author={Yenni, Jacques},
  journal={Social Order},
  issue={April, 1951},
  year={1951},
  pages={169--176}
}

@book{yuengert2004,
  title={The Boundaries of Technique: Ordering Positive and Normative Concerns in Economic Research},
  author={Yuengert, Andrew},
  year={2004},
  publisher={Lanham, MD: Lexington Books}
}